
@Article{GarciaSanchez2009,
  title =        {Transferable Force Field for Carbon Dioxide Adsorption in Zeolites},
  author =       {A. Garcia-Sanchez and C. O. Ania and J. B. Parra and D. Dubbeldam and T. J. H. Vlugt and R. Krishna and S. Calero},
  journal =      {J. Phys. Chem. C},
  pages =        {8814-8820},
  volume =       {113},
  number =       {},
  year =         {2009},
}

@Article{Martin2001,
  title =        {Effect of pressure, membrane thickness, and placement of control volumes on the flux of methane through thin silicalite membranes: A dual control volume grand canonical molecular dynamics study},
  author =       {M. G. Martin, A. P. Thompson, T. M. Nenoff},
  journal =      {J. Chem. Phys.},
  pages =        {7174-7181},
  volume =       {114},
  number =       {},
  year =         {2001},
}

@Article{MartinCalvo2011,
  title =        {Effect of air humidity on the removal of carbon tetrachloride from air using Cu–BTC metal–organic framework},
  author =       {A. Martin-Calvo and E. Garcia-Perez and A. Garcia-Sanchez and R. Bueno-Perez and S. Hamad and S. Calero},
  journal =      {Phys. Chem. Chem. Phys.},
  pages =        {11165-11174},
  volume =       {13},
  number =       {},
  year =         {2011},
}

@Article{Dubbeldam2004,
  title =        {United atom force field for alkanes in nanoporous materials},
  author =       {D. Dubbeldam and S. Calero and T.J.H. Vlugt and R. Krishna and T.L.M. Maesen and B. Smit},
  journal =      {J. Phys. Chem. B},
  pages =        {12301-12313},
  volume =       {108},
  number =       {},
  year =         {2004},
}


@Article{Mayo1992,
  title =        {DREIDING: a generic force field for molecular simulations},
  author =       {S.L. Mayo and B.D. Olafson and W.A. Goddard},
  journal =      {J. Phys. Chem.},
  pages =        {8897-8909},
  volume =       {94},
  number =       {},
  year =         {1990},
}


@Article{Rappe1992,
  title =        {UFF, a full periodic table force field for molecular mechanics and molecular dynamics simulations},
  author =       {A.K. Rappé and C.J. Casewit and K.S. Colwell and W.A. Goddard and W.M. Skiff},
  journal =      {J. Am. Chem. Soc.},
  pages =        {10024-10035},
  volume =       {114},
  number =       {},
  year =         {1992},
}

@Article{Bai2013,
  title =        {TraPPE-zeo: Transferable Potentials for Phase Equilibria Force Field for All-Silica Zeolites},
  author =       {P. Bai and M. Tsapatsis and J. I. Siepmann},
  journal =      {J. Phys. Chem. C},
  pages =        {24375-24387},
  volume =       {117},
  number =       {},
  year =         {2013},
}

@Article{Rai2007,
  title =        {Transferable potentials for phase equilibria. 9. Explicit-hydrogen description of benzene and 5-membered and 6-membered heterocyclic aromatic compounds},
  author =       {N. Rai and J.I. Siepmann},
  journal =      {J. Phys. Chem. B},
  pages =        {10790-10799},
  volume =       {111},
  number =       {},
  year =         {2007},
}

@Article{Dubbeldam2007,
  title =        {Exceptional Negative Thermal Expansion in Isoreticular Metal–Organic Frameworks},
  author =       {D. Dubbeldam and K.S. Walton and D.E. Ellis and R.Q. Snurr},
  journal =      {Angew. Chem. Int. Ed.},
  pages =        {4496-4499},
  volume =       {46},
  number =       {24},
  year =         {2007},
}

@Article{Karavias1991,
  author =       {F. Karavias and A.L. Myers},
  volume =       {7},
  journal =      {Langmuir},
  pages =        {3118-3126},
  year =         {1991},
  title =        {Isosteric heats of multicomponent adsorption - thermodynamics and computer-simulations}
}

@article{Snurr1993,
   author = {Snurr, R. Q. and Bell, A. T. and Theodorou, D. N.},
   title = {PREDICTION OF ADSORPTION OF AROMATIC-HYDROCARBONS IN SILICALITE FROM GRAND-CANONICAL {Monte-Carlo} SIMULATIONS WITH BIASED INSERTIONS},
   journal = {Journal of Physical Chemistry},
   volume = {97},
   number = {51},
   pages = {13742-13752},
   year = {1993}
}

@Article{Vlugt2008,
author = {T. J. H. Vlugt and E. Garcia-Perez and D. Dubbeldam and S. Ban and S. Calero},
title = {Computing the heat of adsorption using molecular simulations: The effect of strong Coulombic interactions},
journal = {J. Chem. Theory. Comput.},
volume = {4},
number = {7},
pages = {1107-1118},
year = {2008}}

@Article{Wood1988,
  author =       {G. B. Wood and A. Z. Panagiotopoulos and J. S. Rowlinson},
  title =        {Adsorption of fluids in model zeolite cavities},
  volume =       {63},
  number =       {1},
  journal =      {Mol. Phys.},
  pages =        {49-63},
  year =         {1988},
}

@Article{Loganathan2017,
  author =       {N. Loganathan and A. O. Yazaydin and G. M. Bowers and A. G. Kalinichev and R. J. Kirkpatrick},
  title =        {Molecular Dynamics Study of CO2 and H2O Intercalation in Smectite Clays: Effect of Temperature and Pressure on Interlayer Structure and Dynamics in Hectorite},
  volume =       {121},
  number =       {},
  journal =      {J. Phys. Chem. C},
  pages =        {24527-24540},
  year =         {2017},
}

@Article{Loganathan2018,
  author =       {N. Loganathan and G. M. Bowers and A. O. Yazaydin and H. T. Schaef and J. S. Loring  and A. G. Kalinichev and R. J. Kirkpatrick},
  title =        {Clay Swelling in Dry Supercritical Carbon Dioxide: Effects of Interlayer Cations on the Structure, Dynamics, and Energetics of CO2 Intercalation Probed by XRD, NMR, and GCMD Simulations},
  volume =       {122},
  number =       {},
  journal =      {J. Phys. Chem. C},
  pages =        {4391-4402},
  year =         {2018},
}

@Article{Rick2004,
  author =       {S.W. Rick},
  title =        {A reoptimization of the five-site water potential (TIP5P) for use with Ewald sums},
  volume =       {120},
  number =       {},
  journal =      {J. Chem. Phys.},
  pages =        {6085-6093},
  year =         {2004},
}

